@article{Fu_2020,
	doi = {10.1088/1361-6560/ab843e},
	url = {https://doi.org/10.1088%2F1361-6560%2Fab843e},
	year = 2020,
	month = {oct},
	publisher = {{IOP} Publishing},
	volume = {65},
	number = {20},
	pages = {20TR01},
	author = {Yabo Fu and Yang Lei and Tonghe Wang and Walter J Curran and Tian Liu and Xiaofeng Yang},
	title = {Deep learning in medical image registration: a review},
	journal = {Physics in Medicine {\&}amp$\mathsemicolon$ Biology}
}